<record><leader>00000cas a2200000 a 4500</leader><controlfield tag="001">14767540</controlfield><controlfield tag="008">861119c19869999waudn ne      0   a0eng d</controlfield><datafield ind1=" " ind2=" " tag="010"><subfield code="a">sn 88085502 </subfield></datafield><datafield ind1=" " ind2=" " tag="040"><subfield code="a">WAU</subfield><subfield code="b">eng</subfield><subfield code="c">WAU</subfield><subfield code="d">SLZ</subfield><subfield code="d">NSD</subfield><subfield code="d">OCLCQ</subfield><subfield code="d">OCLCF</subfield><subfield code="d">OCLCO</subfield></datafield><datafield ind1=" " ind2=" " tag="012"><subfield code="m">1</subfield></datafield><datafield ind1="1" ind2=" " tag="022"><subfield code="a">1046-1612</subfield><subfield code="l">1046-1612</subfield><subfield code="2">1</subfield></datafield><datafield ind1="1" ind2=" " tag="029"><subfield code="a">AU@</subfield><subfield code="b">000025819238</subfield></datafield><datafield ind1=" " ind2=" " tag="032"><subfield code="a">781760</subfield><subfield code="b">USPS</subfield></datafield><datafield ind1=" " ind2=" " tag="037"><subfield code="b">Daily Sun News, P.O. Box 878, Sunnyside, WA 98944</subfield></datafield><datafield ind1=" " ind2=" " tag="042"><subfield code="a">msc</subfield><subfield code="a">nsdp</subfield></datafield><datafield ind1=" " ind2=" " tag="043"><subfield code="a">n-us-wa</subfield></datafield><datafield ind1=" " ind2="0" tag="222"><subfield code="a">Daily sun news</subfield></datafield><datafield ind1="0" ind2="0" tag="245"><subfield code="a">Daily sun-news.</subfield></datafield><datafield ind1="1" ind2="7" tag="246"><subfield code="a">Sunnyside daily sun-news</subfield></datafield><datafield ind1=" " ind2=" " tag="260"><subfield code="a">Sunnyside, WA :</subfield><subfield code="b">Daily Sun-News,</subfield><subfield code="c">1986-</subfield></datafield><datafield ind1=" " ind2=" " tag="300"><subfield code="a">v. :</subfield><subfield code="b">ill. ;</subfield><subfield code="c">45 cm.</subfield></datafield><datafield ind1=" " ind2=" " tag="310"><subfield code="a">Daily (except Saturday, Sunday, and legal holidays)</subfield></datafield><datafield ind1="0" ind2=" " tag="362"><subfield code="a">Vol. 1, no. 1 (Oct. 15, 1986)-</subfield></datafield><datafield ind1=" " ind2=" " tag="500"><subfield code="a">Title varies slightly.</subfield></datafield><datafield ind1=" " ind2=" " tag="588"><subfield code="a">Latest issue consulted: Vol. 4, no. 152 (Aug. 4, 1989).</subfield></datafield><datafield ind1=" " ind2="0" tag="651"><subfield code="a">Sunnyside (Wash.)</subfield><subfield code="v">Newspapers.</subfield></datafield><datafield ind1=" " ind2="7" tag="655"><subfield code="a">Newspapers.</subfield><subfield code="2">fast</subfield><subfield code="0">(OCoLC)fst01423814</subfield></datafield><datafield ind1=" " ind2="7" tag="651"><subfield code="a">Washington (State)</subfield><subfield code="z">Sunnyside.</subfield><subfield code="2">fast</subfield><subfield code="0">(OCoLC)fst01225001</subfield></datafield><datafield ind1=" " ind2=" " tag="752"><subfield code="a">United States</subfield><subfield code="b">Washington</subfield><subfield code="c">Yakima</subfield><subfield code="d">Sunnyside.</subfield></datafield><datafield ind1="0" ind2="4" tag="780"><subfield code="t">Sunnyside sun</subfield><subfield code="w">(DLC)sn 88085503</subfield></datafield><datafield ind1="0" ind2="4" tag="780"><subfield code="t">Sunnyside daily news</subfield><subfield code="w">(DLC)sn 88085504</subfield></datafield></record>